<record><leader>00000cas a22000007a 4500</leader><controlfield tag="001">10115418</controlfield><controlfield tag="008">831110d18471849paudn ne      0    0eng d</controlfield><datafield ind1=" " ind2=" " tag="010"><subfield code="a">sn 83025954 </subfield></datafield><datafield ind1=" " ind2=" " tag="040"><subfield code="a">NPV</subfield><subfield code="b">eng</subfield><subfield code="c">NPV</subfield><subfield code="d">NPI</subfield><subfield code="d">NPA</subfield><subfield code="d">NPH</subfield><subfield code="d">DLC</subfield><subfield code="d">NPX</subfield><subfield code="d">DLC</subfield><subfield code="d">NPH</subfield><subfield code="d">NVK</subfield><subfield code="d">OCL</subfield><subfield code="d">OCLCF</subfield><subfield code="d">OCLCO</subfield></datafield><datafield ind1="1" ind2=" " tag="029"><subfield code="a">AU@</subfield><subfield code="b">000025818210</subfield></datafield><datafield ind1=" " ind2=" " tag="042"><subfield code="a">msc</subfield></datafield><datafield ind1=" " ind2=" " tag="043"><subfield code="a">n-us-pa</subfield></datafield><datafield ind1=" " ind2=" " tag="045"><subfield code="a">w4w4</subfield></datafield><datafield ind1="0" ind2="0" tag="050"><subfield code="a">Newspaper 9557</subfield></datafield><datafield ind1=" " ind2=" " tag="052"><subfield code="a">3824</subfield><subfield code="b">P5</subfield></datafield><datafield ind1="0" ind2="4" tag="245"><subfield code="a">The Spirit of the times and daily keystone.</subfield></datafield><datafield ind1="0" ind2="3" tag="246"><subfield code="a">Daily times</subfield></datafield><datafield ind1="0" ind2="3" tag="246"><subfield code="a">Times &amp; keystone</subfield></datafield><datafield ind1=" " ind2=" " tag="260"><subfield code="a">Philadelphia :</subfield><subfield code="b">Manuel M. Cooke,</subfield><subfield code="c">1847-1849.</subfield></datafield><datafield ind1=" " ind2=" " tag="300"><subfield code="a">v. :</subfield><subfield code="b">ill. (chiefly advertisements) ;</subfield><subfield code="c">56 cm.</subfield></datafield><datafield ind1=" " ind2=" " tag="310"><subfield code="a">Daily (except Sun.)</subfield></datafield><datafield ind1="0" ind2=" " tag="362"><subfield code="a">Vol. 17, no. 34 (Feb. 23, 1847)-v. 22, no. 5114 (Dec. 25, 1849).</subfield></datafield><datafield ind1=" " ind2=" " tag="500"><subfield code="a">"Democrat."</subfield></datafield><datafield ind1=" " ind2=" " tag="515"><subfield code="a">No. 4417-4470 and 4615-4914 omitted in numbering; no. 4560-4599 repeated in numbering.</subfield></datafield><datafield ind1=" " ind2=" " tag="500"><subfield code="a">Editors: &lt;Aug. 14, 1849&gt; E.A. Penniman and J.S. DuSolle.</subfield></datafield><datafield ind1=" " ind2="0" tag="651"><subfield code="a">Philadelphia (Pa.)</subfield><subfield code="v">Newspapers.</subfield></datafield><datafield ind1=" " ind2="7" tag="655"><subfield code="a">Newspapers.</subfield><subfield code="2">fast</subfield><subfield code="0">(OCoLC)fst01423814</subfield></datafield><datafield ind1=" " ind2="7" tag="651"><subfield code="a">Pennsylvania</subfield><subfield code="z">Philadelphia.</subfield><subfield code="2">fast</subfield><subfield code="0">(OCoLC)fst01204170</subfield></datafield><datafield ind1="1" ind2=" " tag="700"><subfield code="a">Penniman, Edward A.</subfield></datafield><datafield ind1="1" ind2=" " tag="700"><subfield code="a">Du Solle, John S.</subfield></datafield><datafield ind1=" " ind2=" " tag="752"><subfield code="a">United States</subfield><subfield code="b">Pennsylvania</subfield><subfield code="c">Philadelphia</subfield><subfield code="d">Philadelphia.</subfield></datafield><datafield ind1="0" ind2="4" tag="780"><subfield code="t">Spirit of the times (Philadelphia, Pa. : 1837)</subfield><subfield code="w">(DLC)sn 84024579</subfield></datafield><datafield ind1="0" ind2="4" tag="780"><subfield code="t">Daily keystone and people's journal</subfield></datafield><datafield ind1="0" ind2="0" tag="785"><subfield code="t">Spirit of the times (Philadelphia, Pa. : 1849)</subfield><subfield code="w">(DLC)sn 87062034</subfield></datafield></record>